@article{buildyourownCommandLinewithANSIescapecodes,
  author = {Haoyi},
  title = {Build your own Command Line with ANSI escape codes},
  year = {2023}
}
@article{convert_a_number_range_to_another_range_maintaining_ratio,
  author = {Jerryjvl},
  title = {Convert a number range to another range, maintaining ratio},
  year = {2023}
}
@article{csharptools_pipes,
  author = {ReadieFur},
  title = {CSharpTools.Pipes},
  year = {2023}
}
@article{streamcorruptedexception_invalid_type_code_ac,
  author = {User207421},
  title = {StreamCorruptedException: invalid type code: AC},
  year = {2023}
}
@article{windowlistener,
  author = {Oracle},
  title = {WindowListener},
  year = {2023}
}
