

@book{Kennedy_James_Eberhart_2001,
	Author = {Kennedy, James F. and Eberhart, Russell C. and Shi, Yuhui},
	Title = {Swarm intelligence},
	Publisher = {Morgan Kaufmann Publishers},
	Address = {San Francisco ; London},
	Year = {2001} }
}



